@misc{nltk,
  title = {{NLTK Project}, Sample usage for stem},
  howpublished = {\url{https://www.nltk.org/howto/stem.html}},
  note = {Accessed: 2024-08-19}
}